@article{Nav97,
  title={A universal density profile from hierarchical clustering},
  author={Navarro, Julio F and Frenk, Carlos S and White, Simon DM},
  journal={The Astrophysical Journal},
  volume={490},
  number={2},
  pages={493},
  year={1997},
  publisher={IOP Publishing}
}

@article{Moh80,
  title={Neutrino mass and spontaneous parity nonconservation},
  author={Mohapatra, Rabindra N and Senjanovi{\'c}, Goran},
  journal={Physical Review Letters},
  volume={44},
  number={14},
  pages={912},
  year={1980},
  publisher={APS}
}

@misc{Sch99,
  title={An introduction to thermal physics},
  author={Schroeder, Daniel V},
  year={1999},
  publisher={AAPT}
}